@misc{EASp2015,
	author = "Linaro",
	year = "2015",
	title = "Energy Aware Scheduling (EAS) progress update",
	url = "https://www.linaro.org/blog/energy-aware-scheduling-eas-progress-update/",
}

@misc{EAS2015,
author = "Amit Kucheria",
year = "2015",
title = "Energy Aware Scheduling (EAS) Project",
url = "https://www.linaro.org/blog/energy-aware-scheduling-eas-project/",
}
